<?xml version="1.0" encoding="utf-8"?>
<record xmlns="http://www.loc.gov/MARC21/slim" xmlns:xsi="http://www.w3.org/2001/XMLSchema-instance" xsi:schemaLocation="http://www.loc.gov/MARC21/slim http://www.loc.gov/standards/marcxml/schema/MARC21slim.xsd">
	<leader>     nam a22        4500</leader>
	<controlfield tag="001">2980431</controlfield>
	<controlfield tag="003">NNC</controlfield>
	<controlfield tag="006">m        d        </controlfield>
	<controlfield tag="007">cr cn |||m|||a</controlfield>
	<controlfield tag="008">171105m19681969iq      ob    000 0 arar </controlfield>
	<datafield ind1=" " ind2=" " tag="040">
		<subfield code="a">NNU</subfield>
		<subfield code="b">eng</subfield>
		<subfield code="e">rda</subfield>
		<subfield code="c">NNU</subfield>
	</datafield>
	<datafield ind1=" " ind2=" " tag="066">
		<subfield code="c">(3</subfield>
	</datafield>
	<datafield ind1="0" ind2="0" tag="050">
		<subfield code="a">PJ6161</subfield>
		<subfield code="b">.I285</subfield>
	</datafield>
	<datafield ind1="1" ind2=" " tag="100">
		<subfield code="6">880-01</subfield>
		<subfield code="a">Ibn Maʻṣūm, ʻAlī ibn Aḥmad,</subfield>
		<subfield code="d">1642-approximately 1707.</subfield>
	</datafield>
	<datafield ind1="1" ind2="0" tag="245">
		<subfield code="6">880-02</subfield>
		<subfield code="a">Anwār al-rabīʻ fī anwāʻ al-badīʻ,</subfield>
		<subfield code="c">taʼlīf ʻAlī Ṣadr al-Dīn ibn Maʻṣūm al-Madanī. Ḥaqqaqahu wa-tarjama li-shuʻarāʼih Shākir Ḥādī Shukr.</subfield>
	</datafield>
	<datafield ind1=" " ind2=" " tag="250">
		<subfield code="6">880-03</subfield>
		<subfield code="a">[al-ṭabʻah 1.].</subfield>
	</datafield>
	<datafield ind1=" " ind2=" " tag="260">
		<subfield code="6">880-04</subfield>
		<subfield code="a">[Karbalāʼ] :</subfield>
		<subfield code="b">[Maktabat al-ʻIrfān],</subfield>
		<subfield code="c">[1968]-69.</subfield>
	</datafield>
	<datafield ind1=" " ind2=" " tag="300">
		<subfield code="a">online resource (7 volumes)</subfield>
	</datafield>
	<datafield ind1=" " ind2=" " tag="336">
		<subfield code="a">text</subfield>
		<subfield code="2">rdacontent</subfield>
	</datafield>
	<datafield ind1=" " ind2=" " tag="337">
		<subfield code="a">computer</subfield>
		<subfield code="2">rdamedia</subfield>
	</datafield>
	<datafield ind1=" " ind2=" " tag="338">
		<subfield code="a">online resource</subfield>
		<subfield code="2">rdacarrier</subfield>
	</datafield>
	<datafield ind1=" " ind2=" " tag="500">
		<subfield code="a">Added t.p.: Anwār ul rabie fī anwa il badie, compiled by Sayed Ali Sadruddīn-bin-Masoom al-Madani.</subfield>
	</datafield>
	<datafield ind1=" " ind2=" " tag="500">
		<subfield code="a">Vol. 7: &quot;Fahāris al-kitāb.&quot;</subfield>
	</datafield>
	<datafield ind1=" " ind2=" " tag="500">
		<subfield code="a">Part of the Arabic Collections Online (ACO) project, contributed by Columbia University Libraries.</subfield>
	</datafield>
	<datafield ind1=" " ind2=" " tag="504">
		<subfield code="a">Includes bibliographical references (v. 7, pages 379-411).</subfield>
	</datafield>
	<datafield ind1=" " ind2=" " tag="533">
		<subfield code="a">Electronic reproduction.</subfield>
		<subfield code="b">New York, N.Y. :</subfield>
		<subfield code="c">New York University,</subfield>
		<subfield code="d">2017.</subfield>
		<subfield code="5">NNU</subfield>
	</datafield>
	<datafield ind1=" " ind2="0" tag="650">
		<subfield code="a">Arabic language</subfield>
		<subfield code="x">Figures of speech.</subfield>
	</datafield>
	<datafield ind1=" " ind2="7" tag="650">
		<subfield code="a">Arabic language</subfield>
		<subfield code="x">Figures of speech.</subfield>
		<subfield code="2">fast</subfield>
		<subfield code="0">(OCoLC)fst00812328</subfield>
	</datafield>
	<datafield ind1="1" ind2=" " tag="700">
		<subfield code="a">Shukr, Shākir Hādī,</subfield>
		<subfield code="e">editor.</subfield>
	</datafield>
	<datafield ind1="2" ind2=" " tag="710">
		<subfield code="a">Columbia University.</subfield>
		<subfield code="b">Libraries.</subfield>
	</datafield>
	<datafield ind1="0" ind2=" " tag="730">
		<subfield code="a">Arabic Collections Online.</subfield>
	</datafield>
	<datafield ind1="0" ind2="8" tag="776">
		<subfield code="i">Online version:</subfield>
		<subfield code="a">Ibn Maʻṣūm, ʻAlī ibn Aḥmad, 1642-approximately 1707.</subfield>
		<subfield code="t">Anwār al-rabīʻ fī anwāʻ al-badīʻ.</subfield>
		<subfield code="b">[al-ṭabʻah 1.].</subfield>
		<subfield code="d">[Karbalāʼ, Maktabat al-ʻIrfān] [1968]-69</subfield>
		<subfield code="w">(OCoLC)582643248</subfield>
	</datafield>
	<datafield ind1="0" ind2="8" tag="776">
		<subfield code="i">Print version:</subfield>
		<subfield code="a">Ibn Maʻṣūm, ʻAlī ibn Aḥmad, 1642-approximately 1707.</subfield>
		<subfield code="t">Anwār al-rabīʻ fī anwāʻ al-badīʻ</subfield>
		<subfield code="w">(NNC)2980431</subfield>
		<subfield code="w">(DLC)   74232292 </subfield>
		<subfield code="w">(OCoLC)8001252</subfield>
	</datafield>
	<datafield ind1="4" ind2="0" tag="856">
		<subfield code="u">http://hdl.handle.net/2333.1/vt4b8p68</subfield>
	</datafield>
	<datafield ind1="1" ind2=" " tag="880">
		<subfield code="6">100-01/(3/r</subfield>
		<subfield code="a">ابن معصوم، علي بن احمد،,</subfield>
		<subfield code="d">1642-approximately 1707.</subfield>
	</datafield>
	<datafield ind1="1" ind2="0" tag="880">
		<subfield code="6">245-02/(3/r</subfield>
		<subfield code="a">انوار الربيع في انواع البديع /</subfield>
		<subfield code="c">تأليف علي صدر الدين بن معصوم المدني. حققه وترجم لشعرائه شاكر حادي شكر.</subfield>
	</datafield>
	<datafield ind1=" " ind2=" " tag="880">
		<subfield code="6">250-03/(3/r</subfield>
		<subfield code="a">[الطبعة 1.].</subfield>
	</datafield>
	<datafield ind1=" " ind2=" " tag="880">
		<subfield code="6">260-04/(3/r</subfield>
		<subfield code="a">[كربلاء :</subfield>
		<subfield code="b">مكتبة العرفان]،</subfield>
		<subfield code="c">[1968]-69.</subfield>
	</datafield>
	<datafield ind1="1" ind2=" " tag="880">
		<subfield code="6">700-00/(3/r</subfield>
		<subfield code="a">شكر، شاكر هادي.</subfield>
	</datafield>
	<datafield ind1=" " ind2=" " tag="959">
		<subfield code="a">NNU</subfield>
		<subfield code="b">WEB</subfield>
		<subfield code="c">GENI</subfield>
		<subfield code="t">0</subfield>
		<subfield code="m">Electronic access</subfield>
		<subfield code="s">01</subfield>
	</datafield>
	<datafield ind1=" " ind2=" " tag="999">
		<subfield code="i">NNC_2980431</subfield>
		<subfield code="o">(OCoLC)ocm08001252</subfield>
		<subfield code="s">columbia_aco002782:v.1</subfield>
		<subfield code="s">columbia_aco002783:v.2</subfield>
		<subfield code="s">columbia_aco002784:v.3</subfield>
		<subfield code="s">columbia_aco002785:v.4</subfield>
		<subfield code="s">columbia_aco002786:v.5</subfield>
		<subfield code="s">columbia_aco002787:v.6</subfield>
		<subfield code="s">columbia_aco002788:v.7</subfield>
		<subfield code="e">(ERROR-880)</subfield>
	</datafield>
</record>
